@COMMENT $Id: main.bib 46 2008-09-01 20:40:31Z Alan $

@COMMENT 2012ApJ...750...99T
@ARTICLE{Tonry-2012,
       author = {{Tonry}, J.~L. and {Stubbs}, C.~W. and {Lykke}, K.~R. and {Doherty}, P. and {Shivvers}, I.~S. and {Burgett}, W.~S. and {Chambers}, K.~C. and {Hodapp}, K.~W. and {Kaiser}, N. and {Kudritzki}, R. -P. and {Magnier}, E.~A. and {Morgan}, J.~S. and {Price}, P.~A. and {Wainscoat}, R.~J.},
        title = "{The Pan-STARRS1 Photometric System}",
      journal = {\apj},
     keywords = {atmospheric effects, instrumentation: photometers, surveys, techniques: photometric, Astrophysics - Instrumentation and Methods for Astrophysics},
         year = 2012,
        month = may,
       volume = {750},
       number = {2},
          eid = {99},
        pages = {99},
          doi = {10.1088/0004-637X/750/2/99},
archivePrefix = {arXiv},
       eprint = {1203.0297},
 primaryClass = {astro-ph.IM},
       adsurl = {https://ui.adsabs.harvard.edu/abs/2012ApJ...750...99T},
      adsnote = {Provided by the SAO/NASA Astrophysics Data System}
}

@COMMENT 1958ApJ...128..185C
@ARTICLE{Crawford-1958,
       author = {{Crawford}, David L.},
        title = "{Two-Dimensional Spectral Classification by Narrow-Band Photometry for B Stats in Clusters and Associations.}",
      journal = {\apj},
         year = 1958,
        month = sep,
       volume = {128},
        pages = {185},
          doi = {10.1086/146536},
       adsurl = {https://ui.adsabs.harvard.edu/abs/1958ApJ...128..185C},
      adsnote = {Provided by the SAO/NASA Astrophysics Data System}
}

@COMMENT 1966AJ.....71..114C
@ARTICLE{Crawford-1966,
       author = {{Crawford}, D.~L. and {Mander}, J.},
        title = "{Standard stars for photoelectric H-beta photometry.}",
      journal = {\aj},
         year = 1966,
        month = mar,
       volume = {71},
        pages = {114-118},
          doi = {10.1086/109865},
       adsurl = {https://ui.adsabs.harvard.edu/abs/1966AJ.....71..114C},
      adsnote = {Provided by the SAO/NASA Astrophysics Data System}
}

@COMMENT 2006A&A...454..333C
@ARTICLE{Castelli-2006,
       author = {{Castelli}, F. and {Kurucz}, R.~L.},
        title = "{Computed H$_{{\ensuremath{\beta}}}$ indices from ATLAS9 model atmospheres}",
      journal = {\aap},
     keywords = {stars: atmospheres, stars: fundamental parameters, techniques: photometric},
         year = 2006,
        month = jul,
       volume = {454},
       number = {1},
        pages = {333-340},
          doi = {10.1051/0004-6361:20064999},
       adsurl = {https://ui.adsabs.harvard.edu/abs/2006A&A...454..333C},
      adsnote = {Provided by the SAO/NASA Astrophysics Data System}
}

@COMMENT 2010ApJ...708...71Y
@ARTICLE{Yoon-2010,
       author = {{Yoon}, Jinmi and {Peterson}, Deane M. and {Kurucz}, Robert L. and
         {Zagarello}, Robert J.},
        title = "{A New View of Vega's Composition, Mass, and Age}",
      journal = {\apj},
     keywords = {stars: chemically peculiar, stars: evolution, stars: fundamental parameters: metallicity mass age, stars: individual: Vega, stars: rotation},
         year = 2010,
        month = jan,
       volume = {708},
       number = {1},
        pages = {71-79},
          doi = {10.1088/0004-637X/708/1/71},
       adsurl = {https://ui.adsabs.harvard.edu/abs/2010ApJ...708...71Y},
      adsnote = {Provided by the SAO/NASA Astrophysics Data System}
}

@COMMENT 1972hmf..book.....A
@BOOK{Abramowitz-1972,
    author = {{Abramowitz}, M. and {Stegun}, I.~A.},
    title = "{Handbook of Mathematical Functions}",
    publisher = {Dover},
    year = 1972,
    adsurl = {http://adsabs.harvard.edu/cgi-bin/nph-bib_query?bibcode=1972hmf..book.....A&db_key=AST},
    adsnote = {Provided by the NASA Astrophysics Data System}
}

@COMMENT 1996afd..book.....B
@BOOK{Battaner-1996,
    author = {{Battaner}, E.},
    title = "{Astrophysical Fluid Dynamics}",
    publisher = {Cambridge University Press},
    year = 1996,
    adsurl = {http://adsabs.harvard.edu/cgi-bin/nph-bib_query?bibcode=1996afd..book.....B&db_key=AST},
    adsnote = {Provided by the NASA Astrophysics Data System}
}

@COMMENT 1988PASP..100.1134B
@ARTICLE{Bessell-1988,
   author = {{Bessell}, M.~S. and {Brett}, J.~M.},
    title = "{JHKLM photometry - Standard systems, passbands, and intrinsic colors}",
  journal = {\pasp},
 keywords = {Astronomical Photometry, Stellar Atmospheres, Stellar Color, Stellar Spectra, Atmospheric Models, Broadband, Calibrating, Color-Color Diagram, Infrared Photometry, Lyra Constellation},
     year = 1988,
    month = sep,
   volume = 100,
    pages = {1134-1151},
      doi = {10.1086/132281},
   adsurl = {http://adsabs.harvard.edu/abs/1988PASP..100.1134B},
  adsnote = {Provided by the SAO/NASA Astrophysics Data System}
}

@COMMENT 1990PASP..102.1181B
@ARTICLE{Bessell-1990,
   author = {{Bessell}, M.~S.},
    title = "{UBVRI passbands}",
  journal = {\pasp},
 keywords = {Astronomical Photometry, Spectral Bands, Ubv Spectra, Charge Coupled Devices, Reference Stars, Stellar Color, Stellar Magnitude},
     year = 1990,
    month = oct,
   volume = 102,
    pages = {1181-1199},
      doi = {10.1086/132749},
   adsurl = {http://adsabs.harvard.edu/abs/1990PASP..102.1181B},
  adsnote = {Provided by the SAO/NASA Astrophysics Data System}
}

@COMMENT 2011PASP..123.1442B
@ARTICLE{Bessell-2011,
   author = {{Bessell}, M.~S.},
    title = "{Photonic Passbands and Zero Points for the Str{\"o}mgren uvby System}",
  journal = {\pasp},
archivePrefix = "arXiv",
   eprint = {1111.2632},
 primaryClass = "astro-ph.SR",
 keywords = {Data Analysis and Techniques},
     year = 2011,
    month = dec,
   volume = 123,
    pages = {1442-1450},
      doi = {10.1086/663736},
   adsurl = {http://adsabs.harvard.edu/abs/2011PASP..123.1442B},
  adsnote = {Provided by the SAO/NASA Astrophysics Data System}
}

@COMMENT 2012PASP..124..140B
@ARTICLE{Bessell-2012,
   author = {{Bessell}, M. and {Murphy}, S.},
    title = "{Spectrophotometric Libraries, Revised Photonic Passbands, and Zero Points for UBVRI, Hipparcos, and Tycho Photometry}",
  journal = {\pasp},
archivePrefix = "arXiv",
   eprint = {1112.2698},
 primaryClass = "astro-ph.SR",
 keywords = {Stars},
     year = 2012,
    month = feb,
   volume = 124,
    pages = {140-157},
      doi = {10.1086/664083},
   adsurl = {http://adsabs.harvard.edu/abs/2012PASP..124..140B},
  adsnote = {Provided by the SAO/NASA Astrophysics Data System}
}

@COMMENT 1989itsa.book.....B
@BOOK{Boehm-Vitense-1989,
   author = {{Boehm-Vitense}, E.},
    title = "{Introduction to stellar astrophysics. Volume 2 - Stellar atmospheres}",
publisher = {Cambridge University Press},
     year = 1989,
   adsurl = {http://adsabs.harvard.edu/abs/1989itsa.book.....B},
  adsnote = {Provided by the SAO/NASA Astrophysics Data System}
}

@COMMENT 1992ApJ...387..561C
@ARTICLE{Castor-1992,
    author = {{Castor}, J.~I. and {Dykema}, P.~G. and {Klein}, R.~I.},
    title = "{A new scheme for multidimensional line transfer. II - ETLA method in one dimension with application to iron K-alpha lines}",
    journal = {\apj},
    year = 1992,
    month = mar,
    volume = 387,
    pages = {561-571},
    adsurl = {http://adsabs.harvard.edu/cgi-bin/nph-bib_query?bibcode=1992ApJ...387..561C&db_key=AST},
    adsnote = {Provided by the NASA Astrophysics Data System}
}

@COMMENT 1960ratr.book.....C
@BOOK{Chandrasekhar-1960,
    author = {{Chandrasekhar}, S.},
    title = "{Radiative Transfer}",
    publisher = {Dover},
    year = 1960,
    adsurl = {http://adsabs.harvard.edu/cgi-bin/nph-bib_query?bibcode=1960ratr.book.....C&db_key=AST},
    adsnote = {Provided by the NASA Astrophysics Data System}
}

@COMMENT 1946ApJ...104..430C
@ARTICLE{Chandrasekhar-1946a,
    author = {{Chandrasekhar}, S. and {Breen}, F.~H.},
    title = "{On the Continuous Absorption Coefficient of the Negative Hydrogen Ion. III.}",
    journal = {\apj},
    year = 1946,
    month = nov,
    volume = 104,
    pages = 430,
    adsurl = {http://adsabs.harvard.edu/cgi-bin/nph-bib_query?bibcode=1946ApJ...104..430C&db_key=AST},
    adsnote = {Provided by the NASA Astrophysics Data System}
}

@COMMENT 1946ApJ...104..446C
@ARTICLE{Chandrasekhar-1946b,
    author = {{Chandrasekhar}, S. and {M{\" u}nch}, G.},
    title = "{The Continuous Spectrum of the Sun and the Stars.}",
    journal = {\apj},
    year = 1946,
    month = nov,
    volume = 104,
    pages = {446},
    adsurl = {http://adsabs.harvard.edu/cgi-bin/nph-bib_query?bibcode=1946ApJ...104..446C&db_key=AST},
    adsnote = {Provided by the NASA Astrophysics Data System}
}

@BOOK{Dirac-1958,
    author = {{Dirac}, P.~A.~M.},
    title = "Quantum Mechanics",
    year = 1958,
    publisher = "Oxford University Press"
}

@COMMENT 2010AJ....139.1628D
@ARTICLE{Doi-2010,
   author = {{Doi}, M. and {Tanaka}, M. and {Fukugita}, M. and {Gunn}, J.~E. and 
	{Yasuda}, N. and {Ivezi{\'c}}, {\v Z}. and {Brinkmann}, J. and 
	{de Haars}, E. and {Kleinman}, S.~J. and {Krzesinski}, J. and 
	{French Leger}, R.},
    title = "{Photometric Response Functions of the Sloan Digital Sky Survey Imager}",
  journal = {\aj},
archivePrefix = "arXiv",
   eprint = {1002.3701},
 primaryClass = "astro-ph.IM",
 keywords = {galaxies: photometry, surveys, techniques: photometric},
     year = 2010,
    month = apr,
   volume = 139,
    pages = {1628-1648},
      doi = {10.1088/0004-6256/139/4/1628},
   adsurl = {http://adsabs.harvard.edu/abs/2010AJ....139.1628D},
  adsnote = {Provided by the SAO/NASA Astrophysics Data System}
}

@ARTICLE{1996ApJ...457..892D,
    author = {{Dykema}, P.~G. and {Klein}, R.~I. and {Castor}, J.~I.},
    title = "{A New Scheme for Multidimensional Line Transfer. III. A Two-dimensional Lagrangian Variable Tensor Method with Discontinuous Finite-Element SN Transport}",
    journal = {\apj},
    year = 1996,
    month = feb,
    volume = 457,
    pages = {892},
    adsurl = {http://adsabs.harvard.edu/cgi-bin/nph-bib_query?bibcode=1996ApJ...457..892D&db_key=AST},
    adsnote = {Provided by the NASA Astrophysics Data System}
}

@ARTICLE{1916MNRAS..77...16E,
    author = {{Eddington}, A.~S.},
    title = "{On the radiative equilibrium of the stars}",
    journal = {\mnras},
    year = 1916,
    month = nov,
    volume = 77,
    pages = {16-35},
    adsurl = {http://adsabs.harvard.edu/cgi-bin/nph-bib_query?bibcode=1916MNRAS..77...16E&db_key=AST},
    adsnote = {Provided by the NASA Astrophysics Data System}
}

@ARTICLE{Feautrier-1964,
    author = {{Feautrier}, P.},
    journal = "{C. R. Acad. Sci. Paris}", 
    year = 1964,
    volume = 258,
    pages = 3189
}

@COMMENT 1967AnAp...30..125F
@ARTICLE{Feautrier-1967,
    author = {{Feautrier}, P.},
    title = "{Th{\' e}orie des classifications stellaires. I. Construction de mod{\` e}les en {\' e}quilibre thermodynamique local}",
    journal = {Annales d'Astrophysique},
    year = 1967,
    month = feb,
    volume = 30,
    pages = {125},
    adsurl = {http://adsabs.harvard.edu/cgi-bin/nph-bib_query?bibcode=1967AnAp...30..128F&db_key=AST},
    adsnote = {Provided by the NASA Astrophysics Data System}
}

@COMMENT 1968AnAp...31..257F
@ARTICLE{Feautrier-1968,
    author = {{Feautrier}, P.},
    title = "{Th{\' e}orie des classifications stellaires II. {\' E}tude des {\' e}carts {\` a} l'{\' e}quilibre thermodynamique local dans le continu}",
    journal = {Annales d'Astrophysique},
    year = 1968,
    month = feb,
    volume = 31,
    pages = {257-+},
    adsurl = {http://adsabs.harvard.edu/cgi-bin/nph-bib_query?bibcode=1968AnAp...31..257F&db_key=AST},
    adsnote = {Provided by the NASA Astrophysics Data System}
}

@ARTICLE{1993ApJ...406..319F,
    author = {{Fontenla}, J.~M. and {Avrett}, E.~H. and {Loeser}, R.},
    title = "{Energy balance in the solar transition region. III - Helium emission in hydrostatic, constant-abundance models with diffusion}",
    journal = {\apj},
    year = 1993,
    month = mar,
    volume = 406,
    pages = {319-345},
    adsurl = {http://adsabs.harvard.edu/cgi-bin/nph-bib_query?bibcode=1993ApJ...406..319F&db_key=AST},
    adsnote = {Provided by the NASA Astrophysics Data System}
}

@ARTICLE{2002ApJ...572..636F,
    author = {{Fontenla}, J.~M. and {Avrett}, E.~H. and {Loeser}, R.},
    title = "{Energy Balance in the Solar Transition Region. IV. Hydrogen and Helium Mass Flows with Diffusion}",
    journal = {\apj},
    year = 2002,
    month = jun,
    volume = 572,
    pages = {636-662},
    adsurl = {http://adsabs.harvard.edu/cgi-bin/nph-bib_query?bibcode=2002ApJ...572..636F&db_key=AST},
    adsnote = {Provided by the NASA Astrophysics Data System}
}

@COMMENT 1996AJ....111.1748F
@ARTICLE{Fukugita-1996,
   author = {{Fukugita}, M. and {Ichikawa}, T. and {Gunn}, J.~E. and {Doi}, M. and 
	{Shimasaku}, K. and {Schneider}, D.~P.},
    title = "{The Sloan Digital Sky Survey Photometric System}",
  journal = {\aj},
 keywords = {SURVEYS, INSTRUMENTATION: PHOTOMETERS, TECHNIQUES: PHOTOMETRIC},
     year = 1996,
    month = apr,
   volume = 111,
    pages = {1748},
      doi = {10.1086/117915},
   adsurl = {http://adsabs.harvard.edu/abs/1996AJ....111.1748F},
  adsnote = {Provided by the SAO/NASA Astrophysics Data System}
}

@COMMENT 1992QB809.G67......
@BOOK{Gray-1992,
    author = {{Gray}, D.~F.},
    title = "{The Observation and Analysis of Stellar Photospheres}",
    publisher = {Cambridge University Press},
    edition = 2,
    year = 1992,
    adsurl = {http://adsabs.harvard.edu/cgi-bin/nph-bib_query?bibcode=1992QB809.G67......&db_key=AST},
    adsnote = {Provided by the NASA Astrophysics Data System}
}

@COMMENT 1999AJ....117.2998G
@ARTICLE{Griffin-1999,
    author = {{Griffin}, R.~E.~M. and {Lynas-Gray}, A.~E.},
    title = "{The Effective Temperature of Arcturus}",
    journal = {\aj},
    year = 1999,
    month = jun,
    volume = 117,
    pages = {2998-3006},
    adsurl = {http://adsabs.harvard.edu/cgi-bin/nph-bib_query?bibcode=1999AJ....117.2998G&db_key=AST},
    adsnote = {Provided by the NASA Astrophysics Data System}
}

@COMMENT 1998QC355.2.H42.......
@BOOK{Hecht-1998,
    author = {{Hecht}, E.},
    title = "{Optics}",
    publisher = {Addison Wesley Longman},
    year = 1998,
    edition = 3
}

@COMMENT 1997sato.conf....1H
@INPROCEEDINGS{Hubeny-1997,
    author = {{Hubeny}, I.},
    title = "{Stellar Atmosphers Theory: an Introduction}",
    booktitle = {Stellar Atmospheres: Theory and Observations},
    year = 1997,
    pages = {1},
    adsurl = {http://adsabs.harvard.edu/cgi-bin/nph-bib_query?bibcode=1997sato.conf....1H&db_key=AST},
    adsnote = {Provided by the NASA Astrophysics Data System}
}

@ARTICLE{Hummer-1988,
  author = {{Hummer}, D.~G. and {Mihalas}, D.},
  journal = {\apj},
  year = 1988,
  volume = 331,
  pages = {794}
}

@COMMENT 1952QB801.K78......
@BOOK{Kourganoff-1952,
    author = {{Kourganoff}, V.},
    title = "{Basic Methods in Transfer Problems}",
    publisher = {Clarendon Press},
    year = 1952,
    adsurl = {http://adsabs.harvard.edu/cgi-bin/nph-bib_query?bibcode=1952QB801.K78......&db_key=AST},
    adsnote = {Provided by the NASA Astrophysics Data System}
}

@COMMENT 1984sfat.book.....K
@BOOK{Kurucz-1984,
   author = {{Kurucz}, R.~L. and {Furenlid}, I. and {Brault}, J. and {Testerman}, L.
	},
    title = "{Solar flux atlas from 296 to 1300 nm}",
publisher = {National Solar Observatory Atlas, Sunspot, New Mexico: National Solar Observatory, 1984},
     year = 1984,
   adsurl = {http://adsabs.harvard.edu/abs/1984sfat.book.....K},
  adsnote = {Provided by the SAO/NASA Astrophysics Data System}
}


@BOOK{2001ces..book.....L,
    author = {{Lang}, K.~R.},
    title = "{The Cambridge Encyclopedia of the Sun}",
    publisher = {Cambridge University Press},
    year = 2001,
    adsurl = {http://adsabs.harvard.edu/cgi-bin/nph-bib_query?bibcode=2001ces..book.....L&db_key=AST},
    adsnote = {Provided by the NASA Astrophysics Data System}
}

@COMMENT 1923ApJ....58..113L
@ARTICLE{Lundblad-1923,
    author = {{Lundblad}, R.},
    title = "{On the Radiation and Temperature of the External Photospheric Layers}",
    journal = {\apj},
    year = 1923,
    month = sep,
    volume = 58,
    pages = {113},
    adsurl = {http://adsabs.harvard.edu/cgi-bin/nph-bib_query?bibcode=1923ApJ....58..113L&db_key=AST},
    adsnote = {Provided by the NASA Astrophysics Data System}
}

@ARTICLE{Mark-1947,
    author = {{Mark}, C.},
    year = 1947,
    journal = {Phys. Rev.},
    volume = 72,
    pages = 558
}

@BOOK{Menzel-1966,
    author = {{Menzel}, D.~H. and {Milne}, E.~A.},
    title = "{Selected Papers on the Transfer of Radiation}",
    publisher = {Dover},
    year = 1966,
    adsurl = {http://adsabs.harvard.edu/cgi-bin/nph-bib_query?bibcode=1966QB817.M4.......&db_key=AST},
    adsnote = {Provided by the NASA Astrophysics Data System}
}

@COMMENT 1978stat.book.....M
@BOOK{Mihalas-1978,
    author = {{Mihalas}, D.},
    title = "{Stellar Atmospheres}",
    publisher = {W.~H.~Freeman},
    edition = 2,
    year = 1978,
    adsurl = {http://adsabs.harvard.edu/cgi-bin/nph-bib_query?bibcode=1978stat.book.....M&db_key=AST},
    adsnote = {Provided by the NASA Astrophysics Data System}
}

@COMMENT 1922MNRAS..82..368M
@ARTICLE{Milne-1922,
    author = {{Milne}, E.~A.},
    title = "{The temperature in the outer atmosphere of a star}",
    journal = {\mnras},
    year = 1922,
    month = apr,
    volume = 82,
    pages = {368-371},
    adsurl = {http://adsabs.harvard.edu/cgi-bin/nph-bib_query?bibcode=1922MNRAS..82..368M&db_key=AST},
    adsnote = {Provided by the NASA Astrophysics Data System}
}

@COMMENT 1930HDA.....3...65M
@ARTICLE{Milne-1930,
    author = {{Milne}, E.~A.},
    title = "{Thermodynamics of the Stars}",
    journal = {Handbuch der Astrophysik},
    year = 1930,
    volume = 3,
    pages = {65},
    adsurl = {http://adsabs.harvard.edu/cgi-bin/nph-bib_query?bibcode=1930HDA.....3...65M&db_key=AST},
    adsnote = {Provided by the NASA Astrophysics Data System},
    note = {reprinted in \cite{Menzel-1966}}
}

@COMMENT 1973grav.book.....M
@BOOK{Misner-1973,
    author = {{Misner}, C.~W. and {Thorne}, K.~S. and {Wheeler}, J.~A.},
    title = "{Gravitation}",
    publisher = {W.H.~Freeman},
    year = 1973,
    adsurl = {http://adsabs.harvard.edu/cgi-bin/nph-bib_query?bibcode=1973grav.book.....M&db_key=AST},
    adsnote = {Provided by the NASA Astrophysics Data System}
}

@COMMENT 1945ApJ...102..385M
@ARTICLE{Muench-1945,
    author = {{M{\" u}nch}, G.},
    title = "{A Theoretical Discussion of the Continuous Spectrum of the Sun.}",
    journal = {\apj},
    year = 1945,
    month = nov,
    volume = 102,
    pages = {385},
    adsurl = {http://adsabs.harvard.edu/cgi-bin/nph-bib_query?bibcode=1945ApJ...102..385M&db_key=AST},
    adsnote = {Provided by the NASA Astrophysics Data System}
}

@COMMENT 1992nrca.book.....P
@BOOK{Press-1992,
    author = {{Press}, W.~H. and {Teukolsky}, S.~A. and {Vetterling}, W.~T. and 
	{Flannery}, B.~P.},
    title = "{Numerical Recipes in C}",
    publisher = {Cambridge University Press},
    year = 1992,
    edition = 2,
    adsurl = {http://adsabs.harvard.edu/cgi-bin/nph-bib_query?bibcode=1992nrca.book.....P&db_key=AST},
    adsnote = {Provided by the NASA Astrophysics Data System}
}

@COMMENT 1996A&A...312..160Q
@ARTICLE{Quirrenbach-1996,
    author = {{Quirrenbach}, A. and {Mozurkewich}, D. and {Buscher}, D.~F. and 
	{Hummel}, C.~A. and {Armstrong}, J.~T.},
    title = "{Angular diameter and limb darkening of Arcturus.}",
    journal = {\aap},
    year = 1996,
    month = aug,
    volume = 312,
    pages = {160-166},
    adsurl = {http://adsabs.harvard.edu/cgi-bin/nph-bib_query?bibcode=1996A%26A...312..160Q&db_key=AST},
    adsnote = {Provided by the NASA Astrophysics Data System}
}

@ARTICLE{2001A&A...380..776R,
    author = {{Richling}, S. and {Meink{\" o}hn}, E. and {Kryzhevoi}, N. and 
	{Kanschat}, G.},
    title = "{Radiative transfer with finite elements. I. Basic method and tests}",
    journal = {\aap},
    year = 2001,
    month = dec,
    volume = 380,
    pages = {776-788},
    adsurl = {http://adsabs.harvard.edu/cgi-bin/nph-bib_query?bibcode=2001A%26A...380..776R&db_key=AST},
    adsnote = {Provided by the NASA Astrophysics Data System}
}

@BOOK{Reif-1965,
    author = {{Reif}, F.},
    title = "{Fundamentals of Statistical and Thermal Physics}",
    year = 1965,
    publisher = {McGraw-Hill}
}

@ARTICLE{1924MNRAS..84..525R,
    author = {{Rosseland}, S.},
    title = "{Note on the absorption of radiation within a star}",
    journal = {\mnras},
    year = 1924,
    month = may,
    volume = 84,
    pages = {525-528},
    adsurl = {http://adsabs.harvard.edu/cgi-bin/nph-bib_query?bibcode=1924MNRAS..84..525R&db_key=AST},
    adsnote = {Provided by the NASA Astrophysics Data System}
}

@MANUAL{Rutten,
    author = {{Rutten}, R.~J.},
    title = {Radiative Transfer in Stellar Atmospheres},
    year  = 2003,
    edition = 8
}

@COMMENT 1979rpa..book.....R
@BOOK{Rybicki-1979,
    author = {{Rybicki}, G.~B. and {Lightman}, A.~P.},
    title = "{Radiative Processes in Astrophysics}",
    publisher = {Wiley-Interscience},
    year = 1979,
    adsurl = {http://adsabs.harvard.edu/cgi-bin/nph-bib_query?bibcode=1979rpa..book.....R&db_key=AST},
    adsnote = {Provided by the NASA Astrophysics Data System}
}

@COMMENT 1905ApJ....21....1S
@ARTICLE{Schuster-1905,
    author = {{Schuster}, A.},
    title = "{Radiation Through a Foggy Atmosphere}",
    journal = {\apj},
    year = 1905,
    month = jan,
    volume = 21,
    pages = {1},
    adsurl = {http://adsabs.harvard.edu/cgi-bin/nph-bib_query?bibcode=1905ApJ....21....1S&db_key=AST},
    adsnote = {Provided by the NASA Astrophysics Data System}
}

@ARTICLE{Schwarzschild-1906,
    author = {{Schwarzschild}, K.},
    title = "{{\"U}ber das Gleichgewicht der Sonnenatmosph{\"a}re}",
    journal = "Nacht.\ K{\"o}nigl.\ Ges.\ Wiss.\ G{\"o}ttingen, Math.-phys. Kl.\", 
    year = 1906,
    volume = 195,
    pages = 41,
    note = "translated and reprinted in \cite{Menzel-1966}"
}

@ARTICLE{Schwarzschild-1914,
    author = {{Schwarzschild}, K.},
    title = "{{\"U}ber Diffusion und Absorption in der Sonnenatmosph{\"a}re}",
    journal = "{Sitzungsber.\ K{\"o}nigl.\ Preussischen Akad.\ Wiss.\, Phys.-math.\ Kl.}", 
    year = 1914,
    pages = 1183,
    note = "translated and reprinted in \cite{Menzel-1966}"
}

@BOOK{Shu-1991,
    author = {{Shu}, F.},
    title = "{Physics of Astrophysics: Volume I Radiation}",
    publisher = {University Science Books},
    year = 1991,
    adsurl = {http://adsabs.harvard.edu/cgi-bin/nph-bib_query?bibcode=1991par..book.....S&db_key=AST},
    adsnote = {Provided by the NASA Astrophysics Data System}
}

@BOOK{Shu-1992,
    author = {{Shu}, F.},
    title = "{Physics of Astrophysics: Volume II Gas Dynamics}",
    publisher = {University Science Books},
    year = 1992
}

@COMMENT 1951MNRAS.111..377S
@ARTICLE{Sykes-1951,
    author = {{Sykes}, J.~B.},
    title = "{Approximate integration of the equation of transger}",
    journal = {\mnras},
    year = 1951,
    volume = 111,
    pages = {377},
    adsurl = {http://adsabs.harvard.edu/cgi-bin/nph-bib_query?bibcode=1951MNRAS.111..377S&db_key=AST},
    adsnote = {Provided by the NASA Astrophysics Data System}
}

@COMMENT 2001RMxAA..37..221W
@ARTICLE{Watson-2001,
    author = {{Watson}, A.~M. and {Henney}, W.~J.},
    title = "{An Efficient Monte Carlo Algorithm for a Restricted Class of Scattering Problems in Radiation Transfer}",
    journal = {Revista Mexicana de Astronomia y Astrofisica},
    year = 2001,
    month = oct,
    volume = 37,
    pages = {221-236},
    adsurl = {http://adsabs.harvard.edu/cgi-bin/nph-bib_query?bibcode=2001RMxAA..37..221W&db_key=AST},
    adsnote = {Provided by the NASA Astrophysics Data System}
}

@COMMENT 1939ApJ....89..295W
@ARTICLE{Wildt-1939,
    author = {{Wildt}, R.},
    title = "{Electron Affinity in Astrophysics.}",
    journal = {\apj},
    year = 1939,
    month = mar,
    volume = 89,
    pages = {295},
    adsurl = {http://adsabs.harvard.edu/cgi-bin/nph-bib_query?bibcode=1939ApJ....89..295W&db_key=AST},
    adsnote = {Provided by the NASA Astrophysics Data System}
}
@BOOK{Woolley-1953,
    author = {{Woolley}, R. and {Stibbs}, D.},
    title = "{The Outer Layers of a Star}",
    publisher = "{Oxford, Clarendon Press}",
    year = 1953
}
